@article{rb_switch,
  author = {Dawes, Andrew M. C. and Illing, Lucas and Clark, Susan M. and Gauthier, Daniel J.},
  title = {All-Optical Switching in Rubidium Vapor},
  volume = {308},
  number = {5722},
  pages = {672-674},
  year = {2005},
  doi = {10.1126/science.1110151},
  abstract ={We report on an all-optical switch that operates at low light levels. It consists of laser beams counterpropagating through a warm rubidium vapor that induce an off-axis optical pattern. A switching laser beam causes this pattern to rotate even when the power in the switching beam is much lower than the power in the pattern. The observed switching energy density is very low, suggesting that the switch might operate at the single-photon level with system optimization. This approach opens the possibility of realizing a single-photon switch for quantum information networks and for improving transparent optical telecommunication networks.},
  URL = {http://www.sciencemag.org/content/308/5722/672.abstract},
  eprint = {http://www.sciencemag.org/content/308/5722/672.full.pdf},
  journal = {Science}
}
@article{rb_sim,
  author = {Berre, M. Le and Leduc, D. and Ressayre, E. and Tallet, A. and Maître, A.},
  doi = {10.1016/0030-4018(95)00180-G},
  issn = {0030-4018},
  journal = {Optics Communications},
  number = {3–4},
  pages = {447–456},
  title = {{Simulation and analysis of the flower-like instability in the single-feedback mirror experiment with rubidium vapor}},
  url = {http://www.sciencedirect.com/science/article/pii/003040189500180G},
  volume = 118,
  year = 1995
}
@article{rb_exp,
  author = {Maître, A. and Petrossian, A. and Blouin, A. and Pinard, M. and Grynberg, G.},
  doi = {10.1016/0030-4018(95)00044-9},
  issn = {0030-4018},
  journal = {Optics Communications},
  note = {},
  number = {1–3},
  pages = {153–158},
  title = {{Spatio-temporal instability for counterpropagating beams in rubidium vapor}},
  url = {http://www.sciencedirect.com/science/article/pii/0030401895000449},
  volume = {116},
  year = {1995}
}
@article{first_attempt,
  pages = {625--636},
  author = {W. Kuhn.},
  month = {Aug},
  year = 1929,
  journal = {Phil. Mag.},
  title = {Scattering of thorium C'' $\gamma$-radiation by radium G and ordinarylead.},
}
@article{data1,
  pages = {60--62},
  author = {S. De Benedetti, G. Lang, R. Ingalls},
  month = {Jan},
  volume = 6,
  year = 1961,
  journal = {Phys. Rev.},
  title = {Electric Quadrupole Splitting and the Nuclear Volume Effect in the Ion of ${}^{57}Fe$},
}
@article{data2,
  pages = {412--415},
  author = {O. C. Kistner, A. W. Sunyar},
  month = {Apr},
  volume = 4,
  year = 1960,
  journal = {Phys. Rev.},
  title = {Evidence for Quadrupole Interaction of ${}^{57}Fe$ and Influence of Chemical Binding on Nuclear Gamma-Ray Energy},
}
@article{data3,
  pages = {2207--2218},
  author = {R. S. Preston, S. S. Hanna, J. Heberle},
  month = {Dec},
  volume = 128,
  year = 1962,
  journal = {Phys. Rev.},
  title = {Mossbauer Effect in Metallic Iron},
}
@article{orig2,
  pages = {679--712},
  author = {Bloembergen, N. and Purcell, E. M., Pound, R. V.},
  month = {Apr},
  volume = 73,
  year = 1948,
  journal = {Phys. Rev.},
  title = {Relaxation Effects in Nuclear Magnetic Resonance Absorption},
  doi = {10.1103/PhysRev.73.679},
  url = {http://link.aps.org/doi/10.1103/PhysRev.73.679},
  issue = 7,
  publisher = {American Physical Society}
}
@book{bloembergen1961,
  author={Nicolaas Bloembergen},
  title={Nuclear Magnetic Relaxation},
  publisher={W.A. Benjamine},
  year=1961
}
@online{rubidium85_data,
  author = {Daniel Adam Steck},
  title = {Rubidium 85 D Line Data},
  day = 19,
  month = sep,
  year = {2012},
  url = {http://steck.us/alkalidata/rubidium85numbers.pdf}
}
@online{rubidium87_data,
  author = {Daniel Adam Steck},
  title = {Rubidium 87 D Line Data},
  day = 23,
  month = dec,
  year = {2010},
  url = {http://steck.us/alkalidata/rubidium87numbers.pdf}
}
@article{he_ne_hole,
  title = {Hole Burning Effects in a He-Ne Optical Maser},
  author = {Bennett, W. R.},
  journal = {Phys. Rev.},
  volume = {126},
  issue = {2},
  pages = {580--593},
  year = {1962},
  month = {Apr},
  doi = {10.1103/PhysRev.126.580},
  url = {http://link.aps.org/doi/10.1103/PhysRev.126.580},
  publisher = {American Physical Society}
}
