@article{first_attempt,
  pages = {625--636},
  author = {W. Kuhn.},
  month = {Aug},
  year = 1929,
  journal = {Phil. Mag.},
  title = {Scattering of thorium C'' $\gamma$-radiation by radium G and ordinarylead.},
}
@article{orig2,
  pages = {679--712},
  author = {Bloembergen, N. and Purcell, E. M. and Pound, R. V.},
  month = {Apr},
  volume = {73},
  year = {1948},
  journal = {Phys. Rev.},
  title = {Relaxation Effects in Nuclear Magnetic Resonance Absorption},
  doi = {10.1103/PhysRev.73.679},
  url = {http://link.aps.org/doi/10.1103/PhysRev.73.679},
  issue = {7},
  publisher = {American Physical Society}
}
@book{bloembergen1961,
  author={Nicolaas Bloembergen},
  title={Nuclear Magnetic Relaxation},
  publisher={W.A. Benjamine},
  year={1961}
}
