@article{first_attempt,
  pages = {625--636},
  author = {W. Kuhn.},
  month = {Aug},
  year = 1929,
  journal = {Phil. Mag.},
  title = {Scattering of thorium C'' $\gamma$-radiation by radium G and ordinarylead.},
}
@article{data1,
  pages = {60--62},
  author = {S. De Benedetti, G. Lang, R. Ingalls},
  month = {Jan},
  volume = 6,
  year = 1961,
  journal = {Phys. Rev.},
  title = {Electric Quadrupole Splitting and the Nuclear Volume Effect in the Ion of ${}^{57}Fe$},
}
@article{data2,
  pages = {412--415},
  author = {O. C. Kistner, A. W. Sunyar},
  month = {Apr},
  volume = 4,
  year = 1960,
  journal = {Phys. Rev.},
  title = {Evidence for Quadrupole Interaction of ${}^{57}Fe$ and Influence of Chemical Binding on Nuclear Gamma-Ray Energy},
}
@article{data3,
  pages = {2207--2218},
  author = {R. S. Preston, S. S. Hanna, J. Heberle},
  month = {Dec},
  volume = 128,
  year = 1962,
  journal = {Phys. Rev.},
  title = {Mossbauer Effect in Metallic Iron},
}
@article{orig2,
  pages = {679--712},
  author = {Bloembergen, N. and Purcell, E. M., Pound, R. V.},
  month = {Apr},
  volume = 73,
  year = 1948,
  journal = {Phys. Rev.},
  title = {Relaxation Effects in Nuclear Magnetic Resonance Absorption},
  doi = {10.1103/PhysRev.73.679},
  url = {http://link.aps.org/doi/10.1103/PhysRev.73.679},
  issue = 7,
  publisher = {American Physical Society}
}
@book{bloembergen1961,
  author={Nicolaas Bloembergen},
  title={Nuclear Magnetic Relaxation},
  publisher={W.A. Benjamine},
  year=1961
}
@online{rubidium85_data,
  author = {Daniel Adam Steck},
  title = {Rubidium 85 D Line Data},
  day = 19,
  month = sep,
  year = {2012},
  url = {http://steck.us/alkalidata/rubidium85numbers.pdf}
}
@online{rubidium87_data,
  author = {Daniel Adam Steck},
  title = {Rubidium 87 D Line Data},
  day = 23,
  month = dec,
  year = {2010},
  url = {http://steck.us/alkalidata/rubidium87numbers.pdf}
}
@article{he_ne_hole,
  title = {Hole Burning Effects in a He-Ne Optical Maser},
  author = {Bennett, W. R.},
  journal = {Phys. Rev.},
  volume = {126},
  issue = {2},
  pages = {580--593},
  year = {1962},
  month = {Apr},
  doi = {10.1103/PhysRev.126.580},
  url = {http://link.aps.org/doi/10.1103/PhysRev.126.580},
  publisher = {American Physical Society}
}
